<?xml version="1.0" encoding="UTF-8"?><collection xmlns="http://www.loc.gov/MARC21/slim"><record><leader>00407nam--2200145-i-4500</leader><controlfield tag="001">000016778</controlfield><controlfield tag="002">20161230</controlfield><controlfield tag="005">20170210001529</controlfield><controlfield tag="008">060222s1000------------r-----000-0-eng-d</controlfield><datafield ind1=" " ind2=" " tag="100"><subfield code="a">Campeanu, Aurel</subfield></datafield><datafield ind1=" " ind2=" " tag="245"><subfield code="a">Masini electrice. Probleme fundamentale, speci ale si de functionare optimala</subfield></datafield><datafield ind1=" " ind2=" " tag="260"><subfield code="a">Craiova</subfield><subfield code="b">Scrisul Romanesc</subfield><subfield code="c">1988</subfield></datafield><datafield ind1=" " ind2=" " tag="300"><subfield code="a">603 p</subfield></datafield><datafield ind1=" " ind2=" " tag="852"><subfield code="a">621.313</subfield></datafield><datafield ind1=" " ind2=" " tag="CAT"><subfield code="a">SYS</subfield><subfield code="c">20170210</subfield><subfield code="h">001529</subfield></datafield></record></collection>